% This file was created with JabRef 2.9.2.
% Encoding: UTF8
\addsec{Literaturverzeichnis}

@ARTICLE{Statistisches Bundesamt,
  title = {Unfallentwicklung auf deutschen strassen 2015},
  year = {2016},
  volume = {20},
  pages = {1126-1141},
  number = {8},
  doi = {10.1109/TPDS.2008.233},
  issn = {1045-9219},
  keywords = {multiprocessor interconnection networks;network-on-chip;cell library;cost-efficient
	tree-based on-chip network;deadlock-free routing;fat H-tree;microarchitecture
	domain;network logic area;on-chip routers;process technology;tree
	networks;tree-based interconnection network;Interconnection networks;Network
	topology;On-chip interconnection networks;network topology;on-chip
	networks;routing algorithm.;tree}
	

@thesis{bmbf,
	author = {KRistian},
	title = {titel},
	type = {test},
	institution = {goethe uni},
	year = {1997},
	OPTsubtitle = {efrerferf},
	OPTtitleaddon = {efrefr},
	OPTlanguage = {deutsch},
	OPTnote = {1},
	OPTlocation = {deutschland},
	OPTmonth = {april},
	}
		
	
	
}


